@article{chinco2019sparse,
  title={Sparse signals in the cross-section of returns},
  author={Chinco, Alex and Clark-Joseph, Adam D and Ye, Mao},
  journal={The Journal of Finance},
  volume={74},
  number={1},
  pages={449--492},
  year={2019},
  publisher={Wiley Online Library}
}